@misc{oed,
	title = {Home : {Oxford} {English} {Dictionary}},
	shorttitle = {Home},
	url = {https://www.oed.com/},
	abstract = {The OED is the definitive record of the English language, featuring 600,000 words, 3 million quotations, and over 1,000 years of English.},
	language = {en},
	urldate = {2020-01-13},
	file = {Snapshot:/home/sam/Zotero/storage/QSLIGIRJ/www.oed.com.html:text/html}
}

@book{shears_james_2005,
	address = {London ; Charlottesville, Va},
	edition = {13 edition},
	title = {James' {Introduction} to {English} {Law}},
	isbn = {978-0-406-02445-9},
	abstract = {This edition is now under the authorship of Peter Shears and Graham Stephenson, who have added a contemporary outlook to its traditional virtues. It includes the latest legislation such as the Criminal Justice and Public Order Act 1994 and its effect on civil liberties, the Sale and Supply of Goods Act 1994 and the Trade Union Reform and Employment Rights Act 1993. There is also an expanded treatment of the Law Commission, updated details concerning the court system, significant changes to the material on the legal profession and a reflection of the increasing importance of European Law; as well as further statute and much new case law.},
	language = {English},
	publisher = {Oxford University Press, USA},
	author = {Shears, Peter},
	month = feb,
	year = {2005}
}

@book{bott_professional_2014,
	edition = {2nd edition edition},
	title = {Professional {Issues} in {Information} {Technology}},
	isbn = {978-1-78017-180-7},
	abstract = {Relevant to both small and large companies, this book addresses the social, legal, financial, organisational and ethical issues faced by IT professionals. It is designed to accompany the BCS HEQ Core Diploma Module: Professional Issues in Information Systems Practice. This new edition takes into account the social and legal implications of the substantial changes to legislation and technology over recent years, for example cloud computing, the Digital Economy Act and the Equality Act.},
	language = {English},
	publisher = {BCS, The Chartered Institute for IT},
	author = {Bott, Frank},
	month = feb,
	year = {2014}
}

@misc{ukparliment,
	title = {www.parliament.uk {Home} page},
	url = {https://www.parliament.uk/},
	abstract = {Parliament is made up of the House of Commons and House of Lords. It is responsible for making laws, deciding taxes and scrutinising the Government.},
	language = {English},
	urldate = {2020-01-13},
	journal = {UK Parliament},
	file = {Snapshot:/home/sam/Zotero/storage/7I9T2CUK/www.parliament.uk.html:text/html}
}

@misc{eulaw,
	type = {Text},
	title = {Track law-making},
	url = {https://ec.europa.eu/info/law/track-law-making_en},
	abstract = {Check the progress of important initiatives the Commission is currently working on and find out what stage they are at in the policy and law-making...},
	language = {en},
	urldate = {2020-01-13},
	journal = {European Commission - European Commission},
	file = {Snapshot:/home/sam/Zotero/storage/U5WI5SJH/track-law-making_en.html:text/html}
}